@misc{dockerhub,
  title = 	{Network-aware scheduler Docker image available at Docker Hub},
  howpublished  = {Web page at \url{https://hub.docker.com/r/pablojara/network\_aware\_scheduler}},
year = {Date of last access: \today},
}


@misc{prometheus,
  title = 	{Prometheus: Monitoring System and Time Series Database},
  howpublished  = {Web page at \url{https://prometheus.io/docs/introduction/overview/}},
year = {Date of last access: \today},
}


@misc{iperf,
  title = 	{iPerf - The TCP, UDP and SCTP network bandwidth tool},
  howpublished  = {Web page at \url{https://prometheus.io/docs/introduction/overview/}},
year = {Date of last access: \today},
}


@misc{netem,
  title = 	{netem},
  howpublished  = {Web page at \url{https://wiki.linuxfoundation.org/networking/netem}},
year = {Date of last access: \today},
}

@misc{clusterloader2,
  title = 	{Kubernetes: Cluster Loader Performance Test},
  howpublished  = {Web page at \url{https://github.com/kubernetes/perf-tests/tree/master/clusterloader2/}},
year = {Date of last access: \today},
}

 

@book{Pinedo08,
	publisher = {Springer},
	author = {Michael L. Pinedo},
	title = {Scheduling: Theory, Algorithms, and Systems},
	year = {2008},
}
 
@article{Tucker89,
  author =	"Andrew Tucker and Anoop Gupta",
  title =	"Process control and scheduling issues for
		 multiprogrammed shared-memory multiprocessors",
  journal =	"Operating Systems Review",
  volume =	"23",
  number =	"5",
  year = 	"1989",
  pages =	"159--66",
}



@Book{Taylor07,
  editor =	"I. J. Taylor and E. Deelman and D. B. Gannon and M. Shields",
  title =	"Workflows for e-Science: Scientific Workflows for Grids",
  publisher =	"Springer-Verlag",
  address =	"New York",
  year = 	"2007",
}


@Article{LiuYDA19,
  title =	"A Survey on Secure Data Analytics in Edge Computing",
  author =	"Dan Liu and Zheng Yan and Wenxiu Ding and Mohammed Atiquzzaman",
  journal =	"IEEE Internet of Things Journal",
  year = 	"2019",
  number =	"3",
  volume =	"6",
  bibdate =	"2019-07-05",
  pages =	"4946--4967",
}

@Article{Zhan2015,
  author =	"Zhi-Hui Zhan and Xiao-Fang Liu and Yue-Jiao Gong and Jun Zhang and Henry Shu-Hung Chung and Yun Li",
  title =	"Cloud Computing Resource Scheduling and a Survey of Its Evolutionary Approaches",
  journal =	"ACM Computing Surveys",
  volume =	"47",
  number =	"4",
  pages =	"63:1--63:33",
  year = 	"2015",
}

@Article{Heilig14,
  title =	"A View on Cloud Computing from above the Clouds",
  author =	"Leonard Heilig",
  journal =	"IEEE Computer",
  year = 	"2014",
  number =	"10",
  volume =	"47",
  pages =   "8",
}


@InProceedings{GhoshKS18,
  title =	"Adaptive Energy-Aware Scheduling of Dynamic Event
		 Analytics Across Edge and Cloud Resources",
  author =	"Rajrup Ghosh and Siva Prakash Reddy Komma and Yogesh
		 Simmhan",
  booktitle =	"18th IEEE/ACM Intl. Symposium on Cluster, Cloud and Grid Computing (CCGRID)",
  year = 	"2018",
  address = "Washington DC, USA"
}


@InCollection{Simmhan19,
  title =	"Big Data and Fog Computing",
  author =	"Yogesh Simmhan",
  bibdate =	"2019-05-29",

  booktitle =	"Encyclopedia of Big Data Technologies",
  publisher =	"Springer",
  year = 	"2019",
  editor =	"Sherif Sakr and Albert Y. Zomaya",
  ISBN = 	"978-3-319-63962-8; 978-3-319-77524-1",
}


@article{Varshney2019,
author = {Varshney, Prateeksha and Simmhan, Yogesh},
title = {Characterizing application scheduling on edge, fog, and cloud computing resources},
journal = {Software: Practice and Experience (in press)},
volume = {n/a},
number = {n/a},
pages = {},
}

@article{Stojmenovic2014,
  title={Fog computing: A cloud to the ground support for smart things and machine-to-machine networks},
  author={Ivan Stojmenovic},
  journal={2014 Australasian Telecommunication Networks and Applications Conference (ATNAC)},
  year={2014},
  pages={117-122},
  address={Melbourne, Australia},
}


@Article{BittencourtMBRP17,
  title =	"Mobility-Aware Application Scheduling in Fog Computing",
  author =	"Luiz F. Bittencourt and Javier Diaz Montes and Rajkumar Buyya and Omer F. Rana and Manish Parashar",
  journal =	"IEEE Cloud Computing",
  year = 	"2017",
  number =	"2",
  volume =	"4",
  pages =	"26--35",
}



@book{Buyya13,
 author = {Buyya, Rajkumar and Vecchiola, Christian and Selvi, S. Thamarai},
 title = {Mastering Cloud Computing: Foundations and Applications Programming},
 year = {2013},
 publisher = {Morgan Kaufmann Publishers Inc.},
 address = {San Francisco, CA, USA},
 edition = {1st}
}



@Article{Bernstein14b,
  title =	"Containers and Cloud: From LXC to Docker to Kubernetes",
  author =	"David Bernstein",
  journal =	"IEEE Cloud Computing",
  year = 	"2014",
  number =	"3",
  volume =	"1",
  pages =	"81--84",

}



@Article{VujovicM15,
  title =	"Raspberry Pi as a Sensor Web node for home automation",
  author =	"Vladimir Vujovic and Mirjana Maksimovic",
  journal =	"Computers \& Electrical Engineering",
  year = 	"2015",
  volume =	"44",
  pages =	"153--171",
}

@Article{Rana16,
  title =	"Modelling Performance and Resource Management in Kubernetes",
  author =	"V. Medel and J. Bañares and  U. Arronategui and  O. Rana",
  journal =	"IEEE Computer/ACM Internation Conference on Utility and Cloud Computing",
  year = 	"2016",
  pages =   "257–262",
}

@Article{Orana18,
  title =	"Characterising Resource Management Performance in Kubernetes",
  author =	"V. Medel and  J. Bañares and  U. Arronategui and  O. Rana",
  journal =	"IEEE Computer/ACM Internation Conference on Utility and Cloud Computing",
  year = 	"2018",
  pages =   "20-23",
}

@INPROCEEDINGS{Hong16,
author={H. Hong and P. Tsai and C. Hsu},
booktitle={Proc. of 18th Asia-Pacific Network Operations and Management Symposium (APNOMS)},
title={Dynamic module deployment in a fog computing platform},
year={2016},
address={Kanazawa, Japan},
}

@INPROCEEDINGS{Tsai17,
author={P. Tsai and H. Hong and A. Cheng and C. Hsu},
booktitle={Proc. of the 19th Asia-Pacific Network Operations and Management Symposium (APNOMS)},
title={Distributed analytics in fog computing platforms using tensorflow and kubernetes},
year={2017},
address={Seoul, Korea},
}

@INPROCEEDINGS{Santos19,
author={J. {Santos} and T. {Wauters} and B. {Volckaert} and F. {De Turck}},
booktitle={2019 IEEE Conference on Network Softwarization (NetSoft)},
title={Towards Network-Aware Resource Provisioning in Kubernetes for Fog Computing Applications},
year={2019},
address={Paris, France},
}


